%YAML 1.1
%TAG !u! tag:unity3d.com,2011:
--- !u!29 &1
OcclusionCullingSettings:
  m_ObjectHideFlags: 0
  serializedVersion: 2
  m_OcclusionBakeSettings:
    smallestOccluder: 5
    smallestHole: 0.25
    backfaceThreshold: 100
  m_SceneGUID: 00000000000000000000000000000000
  m_OcclusionCullingData: {fileID: 0}
--- !u!104 &2
RenderSettings:
  m_ObjectHideFlags: 0
  serializedVersion: 9
  m_Fog: 0
  m_FogColor: {r: 0.5, g: 0.5, b: 0.5, a: 1}
  m_FogMode: 3
  m_FogDensity: 0.01
  m_LinearFogStart: 0
  m_LinearFogEnd: 300
  m_AmbientSkyColor: {r: 0.212, g: 0.227, b: 0.259, a: 1}
  m_AmbientEquatorColor: {r: 0.114, g: 0.125, b: 0.133, a: 1}
  m_AmbientGroundColor: {r: 0.047, g: 0.043, b: 0.035, a: 1}
  m_AmbientIntensity: 1
  m_AmbientMode: 0
  m_SubtractiveShadowColor: {r: 0.42, g: 0.478, b: 0.627, a: 1}
  m_SkyboxMaterial: {fileID: 10304, guid: 0000000000000000f000000000000000, type: 0}
  m_HaloStrength: 0.5
  m_FlareStrength: 1
  m_FlareFadeSpeed: 3
  m_HaloTexture: {fileID: 0}
  m_SpotCookie: {fileID: 10001, guid: 0000000000000000e000000000000000, type: 0}
  m_DefaultReflectionMode: 0
  m_DefaultReflectionResolution: 128
  m_ReflectionBounces: 1
  m_ReflectionIntensity: 1
  m_CustomReflection: {fileID: 0}
  m_Sun: {fileID: 0}
  m_IndirectSpecularColor: {r: 0.18028378, g: 0.22571412, b: 0.30692285, a: 1}
  m_UseRadianceAmbientProbe: 0
--- !u!157 &3
LightmapSettings:
  m_ObjectHideFlags: 0
  serializedVersion: 12
  m_GIWorkflowMode: 1
  m_GISettings:
    serializedVersion: 2
    m_BounceScale: 1
    m_IndirectOutputScale: 1
    m_AlbedoBoost: 1
    m_EnvironmentLightingMode: 0
    m_EnableBakedLightmaps: 1
    m_EnableRealtimeLightmaps: 0
  m_LightmapEditorSettings:
    serializedVersion: 12
    m_Resolution: 2
    m_BakeResolution: 40
    m_AtlasSize: 1024
    m_AO: 0
    m_AOMaxDistance: 1
    m_CompAOExponent: 1
    m_CompAOExponentDirect: 0
    m_ExtractAmbientOcclusion: 0
    m_Padding: 2
    m_LightmapParameters: {fileID: 0}
    m_LightmapsBakeMode: 1
    m_TextureCompression: 1
    m_FinalGather: 0
    m_FinalGatherFiltering: 1
    m_FinalGatherRayCount: 256
    m_ReflectionCompression: 2
    m_MixedBakeMode: 2
    m_BakeBackend: 1
    m_PVRSampling: 1
    m_PVRDirectSampleCount: 32
    m_PVRSampleCount: 512
    m_PVRBounces: 2
    m_PVREnvironmentSampleCount: 256
    m_PVREnvironmentReferencePointCount: 2048
    m_PVRFilteringMode: 1
    m_PVRDenoiserTypeDirect: 1
    m_PVRDenoiserTypeIndirect: 1
    m_PVRDenoiserTypeAO: 1
    m_PVRFilterTypeDirect: 0
    m_PVRFilterTypeIndirect: 0
    m_PVRFilterTypeAO: 0
    m_PVREnvironmentMIS: 1
    m_PVRCulling: 1
    m_PVRFilteringGaussRadiusDirect: 1
    m_PVRFilteringGaussRadiusIndirect: 5
    m_PVRFilteringGaussRadiusAO: 2
    m_PVRFilteringAtrousPositionSigmaDirect: 0.5
    m_PVRFilteringAtrousPositionSigmaIndirect: 2
    m_PVRFilteringAtrousPositionSigmaAO: 1
    m_ExportTrainingData: 0
    m_TrainingDataDestination: TrainingData
    m_LightProbeSampleCountMultiplier: 4
  m_LightingDataAsset: {fileID: 0}
  m_LightingSettings: {fileID: 0}
--- !u!196 &4
NavMeshSettings:
  serializedVersion: 2
  m_ObjectHideFlags: 0
  m_BuildSettings:
    serializedVersion: 2
    agentTypeID: 0
    agentRadius: 0.5
    agentHeight: 2
    agentSlope: 45
    agentClimb: 0.4
    ledgeDropHeight: 0
    maxJumpAcrossDistance: 0
    minRegionArea: 2
    manualCellSize: 0
    cellSize: 0.16666667
    manualTileSize: 0
    tileSize: 256
    accuratePlacement: 0
    maxJobWorkers: 0
    preserveTilesOutsideBounds: 0
    debug:
      m_Flags: 0
  m_NavMeshData: {fileID: 0}
--- !u!1001 &281022766
PrefabInstance:
  m_ObjectHideFlags: 0
  serializedVersion: 2
  m_Modification:
    m_TransformParent: {fileID: 0}
    m_Modifications:
    - target: {fileID: 8371904030718408229, guid: d269982cebb66c74596267aa8d4728a3, type: 3}
      propertyPath: m_RootOrder
      value: 7
      objectReference: {fileID: 0}
    - target: {fileID: 8371904030718408229, guid: d269982cebb66c74596267aa8d4728a3, type: 3}
      propertyPath: m_LocalPosition.x
      value: 0
      objectReference: {fileID: 0}
    - target: {fileID: 8371904030718408229, guid: d269982cebb66c74596267aa8d4728a3, type: 3}
      propertyPath: m_LocalPosition.y
      value: 0
      objectReference: {fileID: 0}
    - target: {fileID: 8371904030718408229, guid: d269982cebb66c74596267aa8d4728a3, type: 3}
      propertyPath: m_LocalPosition.z
      value: 44.1
      objectReference: {fileID: 0}
    - target: {fileID: 8371904030718408229, guid: d269982cebb66c74596267aa8d4728a3, type: 3}
      propertyPath: m_LocalRotation.w
      value: 1
      objectReference: {fileID: 0}
    - target: {fileID: 8371904030718408229, guid: d269982cebb66c74596267aa8d4728a3, type: 3}
      propertyPath: m_LocalRotation.x
      value: 0
      objectReference: {fileID: 0}
    - target: {fileID: 8371904030718408229, guid: d269982cebb66c74596267aa8d4728a3, type: 3}
      propertyPath: m_LocalRotation.y
      value: 0
      objectReference: {fileID: 0}
    - target: {fileID: 8371904030718408229, guid: d269982cebb66c74596267aa8d4728a3, type: 3}
      propertyPath: m_LocalRotation.z
      value: 0
      objectReference: {fileID: 0}
    - target: {fileID: 8371904030718408229, guid: d269982cebb66c74596267aa8d4728a3, type: 3}
      propertyPath: m_LocalEulerAnglesHint.x
      value: 0
      objectReference: {fileID: 0}
    - target: {fileID: 8371904030718408229, guid: d269982cebb66c74596267aa8d4728a3, type: 3}
      propertyPath: m_LocalEulerAnglesHint.y
      value: 0
      objectReference: {fileID: 0}
    - target: {fileID: 8371904030718408229, guid: d269982cebb66c74596267aa8d4728a3, type: 3}
      propertyPath: m_LocalEulerAnglesHint.z
      value: 0
      objectReference: {fileID: 0}
    - target: {fileID: 8371904030718408230, guid: d269982cebb66c74596267aa8d4728a3, type: 3}
      propertyPath: m_Name
      value: WallTrap
      objectReference: {fileID: 0}
    m_RemovedComponents: []
  m_SourcePrefab: {fileID: 100100000, guid: d269982cebb66c74596267aa8d4728a3, type: 3}
--- !u!1 &340463707
GameObject:
  m_ObjectHideFlags: 0
  m_CorrespondingSourceObject: {fileID: 0}
  m_PrefabInstance: {fileID: 0}
  m_PrefabAsset: {fileID: 0}
  serializedVersion: 6
  m_Component:
  - component: {fileID: 340463711}
  - component: {fileID: 340463710}
  - component: {fileID: 340463709}
  - component: {fileID: 340463708}
  m_Layer: 0
  m_Name: Plane (2)
  m_TagString: Untagged
  m_Icon: {fileID: 0}
  m_NavMeshLayer: 0
  m_StaticEditorFlags: 0
  m_IsActive: 1
--- !u!64 &340463708
MeshCollider:
  m_ObjectHideFlags: 0
  m_CorrespondingSourceObject: {fileID: 0}
  m_PrefabInstance: {fileID: 0}
  m_PrefabAsset: {fileID: 0}
  m_GameObject: {fileID: 340463707}
  m_Material: {fileID: 0}
  m_IsTrigger: 0
  m_Enabled: 1
  serializedVersion: 4
  m_Convex: 0
  m_CookingOptions: 30
  m_Mesh: {fileID: 10209, guid: 0000000000000000e000000000000000, type: 0}
--- !u!23 &340463709
MeshRenderer:
  m_ObjectHideFlags: 0
  m_CorrespondingSourceObject: {fileID: 0}
  m_PrefabInstance: {fileID: 0}
  m_PrefabAsset: {fileID: 0}
  m_GameObject: {fileID: 340463707}
  m_Enabled: 1
  m_CastShadows: 1
  m_ReceiveShadows: 1
  m_DynamicOccludee: 1
  m_StaticShadowCaster: 0
  m_MotionVectors: 1
  m_LightProbeUsage: 1
  m_ReflectionProbeUsage: 1
  m_RayTracingMode: 2
  m_RayTraceProcedural: 0
  m_RenderingLayerMask: 1
  m_RendererPriority: 0
  m_Materials:
  - {fileID: 2100000, guid: 31321ba15b8f8eb4c954353edc038b1d, type: 2}
  m_StaticBatchInfo:
    firstSubMesh: 0
    subMeshCount: 0
  m_StaticBatchRoot: {fileID: 0}
  m_ProbeAnchor: {fileID: 0}
  m_LightProbeVolumeOverride: {fileID: 0}
  m_ScaleInLightmap: 1
  m_ReceiveGI: 1
  m_PreserveUVs: 0
  m_IgnoreNormalsForChartDetection: 0
  m_ImportantGI: 0
  m_StitchLightmapSeams: 1
  m_SelectedEditorRenderState: 3
  m_MinimumChartSize: 4
  m_AutoUVMaxDistance: 0.5
  m_AutoUVMaxAngle: 89
  m_LightmapParameters: {fileID: 0}
  m_SortingLayerID: 0
  m_SortingLayer: 0
  m_SortingOrder: 0
  m_AdditionalVertexStreams: {fileID: 0}
--- !u!33 &340463710
MeshFilter:
  m_ObjectHideFlags: 0
  m_CorrespondingSourceObject: {fileID: 0}
  m_PrefabInstance: {fileID: 0}
  m_PrefabAsset: {fileID: 0}
  m_GameObject: {fileID: 340463707}
  m_Mesh: {fileID: 10209, guid: 0000000000000000e000000000000000, type: 0}
--- !u!4 &340463711
Transform:
  m_ObjectHideFlags: 0
  m_CorrespondingSourceObject: {fileID: 0}
  m_PrefabInstance: {fileID: 0}
  m_PrefabAsset: {fileID: 0}
  m_GameObject: {fileID: 340463707}
  m_LocalRotation: {x: 0, y: 0, z: 0, w: 1}
  m_LocalPosition: {x: -1.51, y: -3.5, z: 38.213024}
  m_LocalScale: {x: 4, y: 4, z: 14}
  m_Children: []
  m_Father: {fileID: 0}
  m_RootOrder: 8
  m_LocalEulerAnglesHint: {x: 0, y: 0, z: 0}
--- !u!1 &885128908
GameObject:
  m_ObjectHideFlags: 0
  m_CorrespondingSourceObject: {fileID: 0}
  m_PrefabInstance: {fileID: 0}
  m_PrefabAsset: {fileID: 0}
  serializedVersion: 6
  m_Component:
  - component: {fileID: 885128913}
  - component: {fileID: 885128912}
  - component: {fileID: 885128911}
  - component: {fileID: 885128910}
  - component: {fileID: 885128909}
  m_Layer: 0
  m_Name: Sphere
  m_TagString: Untagged
  m_Icon: {fileID: 0}
  m_NavMeshLayer: 0
  m_StaticEditorFlags: 0
  m_IsActive: 1
--- !u!54 &885128909
Rigidbody:
  m_ObjectHideFlags: 0
  m_CorrespondingSourceObject: {fileID: 0}
  m_PrefabInstance: {fileID: 0}
  m_PrefabAsset: {fileID: 0}
  m_GameObject: {fileID: 885128908}
  serializedVersion: 2
  m_Mass: 1
  m_Drag: 0
  m_AngularDrag: 0.05
  m_UseGravity: 1
  m_IsKinematic: 0
  m_Interpolate: 0
  m_Constraints: 14
  m_CollisionDetection: 0
--- !u!135 &885128910
SphereCollider:
  m_ObjectHideFlags: 0
  m_CorrespondingSourceObject: {fileID: 0}
  m_PrefabInstance: {fileID: 0}
  m_PrefabAsset: {fileID: 0}
  m_GameObject: {fileID: 885128908}
  m_Material: {fileID: 0}
  m_IsTrigger: 0
  m_Enabled: 1
  serializedVersion: 2
  m_Radius: 0.5
  m_Center: {x: 0, y: 0, z: 0}
--- !u!23 &885128911
MeshRenderer:
  m_ObjectHideFlags: 0
  m_CorrespondingSourceObject: {fileID: 0}
  m_PrefabInstance: {fileID: 0}
  m_PrefabAsset: {fileID: 0}
  m_GameObject: {fileID: 885128908}
  m_Enabled: 0
  m_CastShadows: 1
  m_ReceiveShadows: 1
  m_DynamicOccludee: 1
  m_StaticShadowCaster: 0
  m_MotionVectors: 1
  m_LightProbeUsage: 1
  m_ReflectionProbeUsage: 1
  m_RayTracingMode: 2
  m_RayTraceProcedural: 0
  m_RenderingLayerMask: 1
  m_RendererPriority: 0
  m_Materials:
  - {fileID: 2100000, guid: 31321ba15b8f8eb4c954353edc038b1d, type: 2}
  m_StaticBatchInfo:
    firstSubMesh: 0
    subMeshCount: 0
  m_StaticBatchRoot: {fileID: 0}
  m_ProbeAnchor: {fileID: 0}
  m_LightProbeVolumeOverride: {fileID: 0}
  m_ScaleInLightmap: 1
  m_ReceiveGI: 1
  m_PreserveUVs: 0
  m_IgnoreNormalsForChartDetection: 0
  m_ImportantGI: 0
  m_StitchLightmapSeams: 1
  m_SelectedEditorRenderState: 3
  m_MinimumChartSize: 4
  m_AutoUVMaxDistance: 0.5
  m_AutoUVMaxAngle: 89
  m_LightmapParameters: {fileID: 0}
  m_SortingLayerID: 0
  m_SortingLayer: 0
  m_SortingOrder: 0
  m_AdditionalVertexStreams: {fileID: 0}
--- !u!33 &885128912
MeshFilter:
  m_ObjectHideFlags: 0
  m_CorrespondingSourceObject: {fileID: 0}
  m_PrefabInstance: {fileID: 0}
  m_PrefabAsset: {fileID: 0}
  m_GameObject: {fileID: 885128908}
  m_Mesh: {fileID: 10207, guid: 0000000000000000e000000000000000, type: 0}
--- !u!4 &885128913
Transform:
  m_ObjectHideFlags: 0
  m_CorrespondingSourceObject: {fileID: 0}
  m_PrefabInstance: {fileID: 0}
  m_PrefabAsset: {fileID: 0}
  m_GameObject: {fileID: 885128908}
  m_LocalRotation: {x: 0, y: 0, z: 0, w: 1}
  m_LocalPosition: {x: 0, y: 0, z: 0}
  m_LocalScale: {x: 22.695, y: 22.695, z: 22.695}
  m_Children: []
  m_Father: {fileID: 0}
  m_RootOrder: 4
  m_LocalEulerAnglesHint: {x: 0, y: 0, z: 0}
--- !u!1 &1240500194
GameObject:
  m_ObjectHideFlags: 0
  m_CorrespondingSourceObject: {fileID: 0}
  m_PrefabInstance: {fileID: 0}
  m_PrefabAsset: {fileID: 0}
  serializedVersion: 6
  m_Component:
  - component: {fileID: 1240500196}
  - component: {fileID: 1240500195}
  m_Layer: 0
  m_Name: Directional Light
  m_TagString: Untagged
  m_Icon: {fileID: 0}
  m_NavMeshLayer: 0
  m_StaticEditorFlags: 0
  m_IsActive: 1
--- !u!108 &1240500195
Light:
  m_ObjectHideFlags: 0
  m_CorrespondingSourceObject: {fileID: 0}
  m_PrefabInstance: {fileID: 0}
  m_PrefabAsset: {fileID: 0}
  m_GameObject: {fileID: 1240500194}
  m_Enabled: 1
  serializedVersion: 10
  m_Type: 1
  m_Shape: 0
  m_Color: {r: 1, g: 0.95686275, b: 0.8392157, a: 1}
  m_Intensity: 1
  m_Range: 10
  m_SpotAngle: 30
  m_InnerSpotAngle: 21.80208
  m_CookieSize: 10
  m_Shadows:
    m_Type: 2
    m_Resolution: -1
    m_CustomResolution: -1
    m_Strength: 1
    m_Bias: 0.05
    m_NormalBias: 0.4
    m_NearPlane: 0.2
    m_CullingMatrixOverride:
      e00: 1
      e01: 0
      e02: 0
      e03: 0
      e10: 0
      e11: 1
      e12: 0
      e13: 0
      e20: 0
      e21: 0
      e22: 1
      e23: 0
      e30: 0
      e31: 0
      e32: 0
      e33: 1
    m_UseCullingMatrixOverride: 0
  m_Cookie: {fileID: 0}
  m_DrawHalo: 0
  m_Flare: {fileID: 0}
  m_RenderMode: 0
  m_CullingMask:
    serializedVersion: 2
    m_Bits: 4294967295
  m_RenderingLayerMask: 1
  m_Lightmapping: 4
  m_LightShadowCasterMode: 0
  m_AreaSize: {x: 1, y: 1}
  m_BounceIntensity: 1
  m_ColorTemperature: 6570
  m_UseColorTemperature: 0
  m_BoundingSphereOverride: {x: 0, y: 0, z: 0, w: 0}
  m_UseBoundingSphereOverride: 0
  m_UseViewFrustumForShadowCasterCull: 1
  m_ShadowRadius: 0
  m_ShadowAngle: 0
--- !u!4 &1240500196
Transform:
  m_ObjectHideFlags: 0
  m_CorrespondingSourceObject: {fileID: 0}
  m_PrefabInstance: {fileID: 0}
  m_PrefabAsset: {fileID: 0}
  m_GameObject: {fileID: 1240500194}
  m_LocalRotation: {x: 0.40821788, y: -0.23456968, z: 0.10938163, w: 0.8754261}
  m_LocalPosition: {x: 0, y: 3, z: 0}
  m_LocalScale: {x: 1, y: 1, z: 1}
  m_Children: []
  m_Father: {fileID: 0}
  m_RootOrder: 2
  m_LocalEulerAnglesHint: {x: 50, y: -30, z: 0}
--- !u!1 &1275209107
GameObject:
  m_ObjectHideFlags: 0
  m_CorrespondingSourceObject: {fileID: 0}
  m_PrefabInstance: {fileID: 0}
  m_PrefabAsset: {fileID: 0}
  serializedVersion: 6
  m_Component:
  - component: {fileID: 1275209111}
  - component: {fileID: 1275209110}
  - component: {fileID: 1275209109}
  - component: {fileID: 1275209108}
  m_Layer: 0
  m_Name: Plane
  m_TagString: Untagged
  m_Icon: {fileID: 0}
  m_NavMeshLayer: 0
  m_StaticEditorFlags: 0
  m_IsActive: 1
--- !u!64 &1275209108
MeshCollider:
  m_ObjectHideFlags: 0
  m_CorrespondingSourceObject: {fileID: 0}
  m_PrefabInstance: {fileID: 0}
  m_PrefabAsset: {fileID: 0}
  m_GameObject: {fileID: 1275209107}
  m_Material: {fileID: 0}
  m_IsTrigger: 0
  m_Enabled: 1
  serializedVersion: 4
  m_Convex: 0
  m_CookingOptions: 30
  m_Mesh: {fileID: 10209, guid: 0000000000000000e000000000000000, type: 0}
--- !u!23 &1275209109
MeshRenderer:
  m_ObjectHideFlags: 0
  m_CorrespondingSourceObject: {fileID: 0}
  m_PrefabInstance: {fileID: 0}
  m_PrefabAsset: {fileID: 0}
  m_GameObject: {fileID: 1275209107}
  m_Enabled: 1
  m_CastShadows: 1
  m_ReceiveShadows: 1
  m_DynamicOccludee: 1
  m_StaticShadowCaster: 0
  m_MotionVectors: 1
  m_LightProbeUsage: 1
  m_ReflectionProbeUsage: 1
  m_RayTracingMode: 2
  m_RayTraceProcedural: 0
  m_RenderingLayerMask: 1
  m_RendererPriority: 0
  m_Materials:
  - {fileID: 2100000, guid: 31321ba15b8f8eb4c954353edc038b1d, type: 2}
  m_StaticBatchInfo:
    firstSubMesh: 0
    subMeshCount: 0
  m_StaticBatchRoot: {fileID: 0}
  m_ProbeAnchor: {fileID: 0}
  m_LightProbeVolumeOverride: {fileID: 0}
  m_ScaleInLightmap: 1
  m_ReceiveGI: 1
  m_PreserveUVs: 0
  m_IgnoreNormalsForChartDetection: 0
  m_ImportantGI: 0
  m_StitchLightmapSeams: 1
  m_SelectedEditorRenderState: 3
  m_MinimumChartSize: 4
  m_AutoUVMaxDistance: 0.5
  m_AutoUVMaxAngle: 89
  m_LightmapParameters: {fileID: 0}
  m_SortingLayerID: 0
  m_SortingLayer: 0
  m_SortingOrder: 0
  m_AdditionalVertexStreams: {fileID: 0}
--- !u!33 &1275209110
MeshFilter:
  m_ObjectHideFlags: 0
  m_CorrespondingSourceObject: {fileID: 0}
  m_PrefabInstance: {fileID: 0}
  m_PrefabAsset: {fileID: 0}
  m_GameObject: {fileID: 1275209107}
  m_Mesh: {fileID: 10209, guid: 0000000000000000e000000000000000, type: 0}
--- !u!4 &1275209111
Transform:
  m_ObjectHideFlags: 0
  m_CorrespondingSourceObject: {fileID: 0}
  m_PrefabInstance: {fileID: 0}
  m_PrefabAsset: {fileID: 0}
  m_GameObject: {fileID: 1275209107}
  m_LocalRotation: {x: 0, y: 0, z: 0, w: 1}
  m_LocalPosition: {x: 0, y: -3.65, z: 0}
  m_LocalScale: {x: 2.26, y: 1, z: 0.28}
  m_Children: []
  m_Father: {fileID: 0}
  m_RootOrder: 3
  m_LocalEulerAnglesHint: {x: 0, y: 0, z: 0}
--- !u!1 &1470025816
GameObject:
  m_ObjectHideFlags: 0
  m_CorrespondingSourceObject: {fileID: 0}
  m_PrefabInstance: {fileID: 0}
  m_PrefabAsset: {fileID: 0}
  serializedVersion: 6
  m_Component:
  - component: {fileID: 1470025819}
  - component: {fileID: 1470025818}
  - component: {fileID: 1470025817}
  - component: {fileID: 1470025820}
  m_Layer: 0
  m_Name: Main Camera
  m_TagString: MainCamera
  m_Icon: {fileID: 0}
  m_NavMeshLayer: 0
  m_StaticEditorFlags: 0
  m_IsActive: 1
--- !u!81 &1470025817
AudioListener:
  m_ObjectHideFlags: 0
  m_CorrespondingSourceObject: {fileID: 0}
  m_PrefabInstance: {fileID: 0}
  m_PrefabAsset: {fileID: 0}
  m_GameObject: {fileID: 1470025816}
  m_Enabled: 1
--- !u!20 &1470025818
Camera:
  m_ObjectHideFlags: 0
  m_CorrespondingSourceObject: {fileID: 0}
  m_PrefabInstance: {fileID: 0}
  m_PrefabAsset: {fileID: 0}
  m_GameObject: {fileID: 1470025816}
  m_Enabled: 1
  serializedVersion: 2
  m_ClearFlags: 1
  m_BackGroundColor: {r: 0.19215687, g: 0.3019608, b: 0.4745098, a: 0}
  m_projectionMatrixMode: 1
  m_GateFitMode: 2
  m_FOVAxisMode: 0
  m_SensorSize: {x: 36, y: 24}
  m_LensShift: {x: 0, y: 0}
  m_FocalLength: 50
  m_NormalizedViewPortRect:
    serializedVersion: 2
    x: 0
    y: 0
    width: 1
    height: 1
  near clip plane: 0.3
  far clip plane: 1000
  field of view: 107
  orthographic: 0
  orthographic size: 5
  m_Depth: -1
  m_CullingMask:
    serializedVersion: 2
    m_Bits: 4294967295
  m_RenderingPath: -1
  m_TargetTexture: {fileID: 0}
  m_TargetDisplay: 0
  m_TargetEye: 3
  m_HDR: 1
  m_AllowMSAA: 1
  m_AllowDynamicResolution: 0
  m_ForceIntoRT: 0
  m_OcclusionCulling: 1
  m_StereoConvergence: 10
  m_StereoSeparation: 0.022
--- !u!4 &1470025819
Transform:
  m_ObjectHideFlags: 0
  m_CorrespondingSourceObject: {fileID: 0}
  m_PrefabInstance: {fileID: 0}
  m_PrefabAsset: {fileID: 0}
  m_GameObject: {fileID: 1470025816}
  m_LocalRotation: {x: -0, y: 0.99856514, z: -0, w: -0.05355033}
  m_LocalPosition: {x: 1.73, y: 1, z: 20}
  m_LocalScale: {x: 1, y: 1, z: 1}
  m_Children: []
  m_Father: {fileID: 0}
  m_RootOrder: 0
  m_LocalEulerAnglesHint: {x: 0, y: 186.139, z: 0}
--- !u!114 &1470025820
MonoBehaviour:
  m_ObjectHideFlags: 0
  m_CorrespondingSourceObject: {fileID: 0}
  m_PrefabInstance: {fileID: 0}
  m_PrefabAsset: {fileID: 0}
  m_GameObject: {fileID: 1470025816}
  m_Enabled: 1
  m_EditorHideFlags: 0
  m_Script: {fileID: 11500000, guid: a79441f348de89743a2939f4d699eac1, type: 3}
  m_Name: 
  m_EditorClassIdentifier: 
  m_RenderShadows: 1
  m_RequiresDepthTextureOption: 2
  m_RequiresOpaqueTextureOption: 2
  m_CameraType: 0
  m_Cameras: []
  m_RendererIndex: -1
  m_VolumeLayerMask:
    serializedVersion: 2
    m_Bits: 1
  m_VolumeTrigger: {fileID: 0}
  m_RenderPostProcessing: 0
  m_Antialiasing: 0
  m_AntialiasingQuality: 2
  m_StopNaN: 0
  m_Dithering: 0
  m_ClearDepth: 1
  m_AllowXRRendering: 1
  m_RequiresDepthTexture: 0
  m_RequiresColorTexture: 0
  m_Version: 2
--- !u!1 &1652991754
GameObject:
  m_ObjectHideFlags: 0
  m_CorrespondingSourceObject: {fileID: 0}
  m_PrefabInstance: {fileID: 0}
  m_PrefabAsset: {fileID: 0}
  serializedVersion: 6
  m_Component:
  - component: {fileID: 1652991758}
  - component: {fileID: 1652991757}
  - component: {fileID: 1652991756}
  - component: {fileID: 1652991755}
  m_Layer: 0
  m_Name: Plane (1)
  m_TagString: Untagged
  m_Icon: {fileID: 0}
  m_NavMeshLayer: 0
  m_StaticEditorFlags: 0
  m_IsActive: 1
--- !u!64 &1652991755
MeshCollider:
  m_ObjectHideFlags: 0
  m_CorrespondingSourceObject: {fileID: 0}
  m_PrefabInstance: {fileID: 0}
  m_PrefabAsset: {fileID: 0}
  m_GameObject: {fileID: 1652991754}
  m_Material: {fileID: 0}
  m_IsTrigger: 0
  m_Enabled: 1
  serializedVersion: 4
  m_Convex: 0
  m_CookingOptions: 30
  m_Mesh: {fileID: 10209, guid: 0000000000000000e000000000000000, type: 0}
--- !u!23 &1652991756
MeshRenderer:
  m_ObjectHideFlags: 0
  m_CorrespondingSourceObject: {fileID: 0}
  m_PrefabInstance: {fileID: 0}
  m_PrefabAsset: {fileID: 0}
  m_GameObject: {fileID: 1652991754}
  m_Enabled: 1
  m_CastShadows: 1
  m_ReceiveShadows: 1
  m_DynamicOccludee: 1
  m_StaticShadowCaster: 0
  m_MotionVectors: 1
  m_LightProbeUsage: 1
  m_ReflectionProbeUsage: 1
  m_RayTracingMode: 2
  m_RayTraceProcedural: 0
  m_RenderingLayerMask: 1
  m_RendererPriority: 0
  m_Materials:
  - {fileID: 2100000, guid: 31321ba15b8f8eb4c954353edc038b1d, type: 2}
  m_StaticBatchInfo:
    firstSubMesh: 0
    subMeshCount: 0
  m_StaticBatchRoot: {fileID: 0}
  m_ProbeAnchor: {fileID: 0}
  m_LightProbeVolumeOverride: {fileID: 0}
  m_ScaleInLightmap: 1
  m_ReceiveGI: 1
  m_PreserveUVs: 0
  m_IgnoreNormalsForChartDetection: 0
  m_ImportantGI: 0
  m_StitchLightmapSeams: 1
  m_SelectedEditorRenderState: 3
  m_MinimumChartSize: 4
  m_AutoUVMaxDistance: 0.5
  m_AutoUVMaxAngle: 89
  m_LightmapParameters: {fileID: 0}
  m_SortingLayerID: 0
  m_SortingLayer: 0
  m_SortingOrder: 0
  m_AdditionalVertexStreams: {fileID: 0}
--- !u!33 &1652991757
MeshFilter:
  m_ObjectHideFlags: 0
  m_CorrespondingSourceObject: {fileID: 0}
  m_PrefabInstance: {fileID: 0}
  m_PrefabAsset: {fileID: 0}
  m_GameObject: {fileID: 1652991754}
  m_Mesh: {fileID: 10209, guid: 0000000000000000e000000000000000, type: 0}
--- !u!4 &1652991758
Transform:
  m_ObjectHideFlags: 0
  m_CorrespondingSourceObject: {fileID: 0}
  m_PrefabInstance: {fileID: 0}
  m_PrefabAsset: {fileID: 0}
  m_GameObject: {fileID: 1652991754}
  m_LocalRotation: {x: 0, y: 0, z: 0, w: 1}
  m_LocalPosition: {x: -241.2, y: 52.7, z: -76.41311}
  m_LocalScale: {x: 5, y: 5, z: 15}
  m_Children: []
  m_Father: {fileID: 0}
  m_RootOrder: 6
  m_LocalEulerAnglesHint: {x: 0, y: 0, z: 0}
--- !u!1 &1727970583
GameObject:
  m_ObjectHideFlags: 0
  m_CorrespondingSourceObject: {fileID: 0}
  m_PrefabInstance: {fileID: 0}
  m_PrefabAsset: {fileID: 0}
  serializedVersion: 6
  m_Component:
  - component: {fileID: 1727970588}
  - component: {fileID: 1727970587}
  - component: {fileID: 1727970586}
  - component: {fileID: 1727970585}
  - component: {fileID: 1727970584}
  m_Layer: 0
  m_Name: Sphere (1)
  m_TagString: Untagged
  m_Icon: {fileID: 0}
  m_NavMeshLayer: 0
  m_StaticEditorFlags: 0
  m_IsActive: 1
--- !u!114 &1727970584
MonoBehaviour:
  m_ObjectHideFlags: 0
  m_CorrespondingSourceObject: {fileID: 0}
  m_PrefabInstance: {fileID: 0}
  m_PrefabAsset: {fileID: 0}
  m_GameObject: {fileID: 1727970583}
  m_Enabled: 1
  m_EditorHideFlags: 0
  m_Script: {fileID: 11500000, guid: 14b865e116ed1a946a435b81f7485b80, type: 3}
  m_Name: 
  m_EditorClassIdentifier: 
  radius: 30
  power: 1250
--- !u!135 &1727970585
SphereCollider:
  m_ObjectHideFlags: 0
  m_CorrespondingSourceObject: {fileID: 0}
  m_PrefabInstance: {fileID: 0}
  m_PrefabAsset: {fileID: 0}
  m_GameObject: {fileID: 1727970583}
  m_Material: {fileID: 0}
  m_IsTrigger: 0
  m_Enabled: 1
  serializedVersion: 2
  m_Radius: 0.5
  m_Center: {x: 0, y: 0, z: 0}
--- !u!23 &1727970586
MeshRenderer:
  m_ObjectHideFlags: 0
  m_CorrespondingSourceObject: {fileID: 0}
  m_PrefabInstance: {fileID: 0}
  m_PrefabAsset: {fileID: 0}
  m_GameObject: {fileID: 1727970583}
  m_Enabled: 1
  m_CastShadows: 1
  m_ReceiveShadows: 1
  m_DynamicOccludee: 1
  m_StaticShadowCaster: 0
  m_MotionVectors: 1
  m_LightProbeUsage: 1
  m_ReflectionProbeUsage: 1
  m_RayTracingMode: 2
  m_RayTraceProcedural: 0
  m_RenderingLayerMask: 1
  m_RendererPriority: 0
  m_Materials:
  - {fileID: 2100000, guid: 31321ba15b8f8eb4c954353edc038b1d, type: 2}
  m_StaticBatchInfo:
    firstSubMesh: 0
    subMeshCount: 0
  m_StaticBatchRoot: {fileID: 0}
  m_ProbeAnchor: {fileID: 0}
  m_LightProbeVolumeOverride: {fileID: 0}
  m_ScaleInLightmap: 1
  m_ReceiveGI: 1
  m_PreserveUVs: 0
  m_IgnoreNormalsForChartDetection: 0
  m_ImportantGI: 0
  m_StitchLightmapSeams: 1
  m_SelectedEditorRenderState: 3
  m_MinimumChartSize: 4
  m_AutoUVMaxDistance: 0.5
  m_AutoUVMaxAngle: 89
  m_LightmapParameters: {fileID: 0}
  m_SortingLayerID: 0
  m_SortingLayer: 0
  m_SortingOrder: 0
  m_AdditionalVertexStreams: {fileID: 0}
--- !u!33 &1727970587
MeshFilter:
  m_ObjectHideFlags: 0
  m_CorrespondingSourceObject: {fileID: 0}
  m_PrefabInstance: {fileID: 0}
  m_PrefabAsset: {fileID: 0}
  m_GameObject: {fileID: 1727970583}
  m_Mesh: {fileID: 10207, guid: 0000000000000000e000000000000000, type: 0}
--- !u!4 &1727970588
Transform:
  m_ObjectHideFlags: 0
  m_CorrespondingSourceObject: {fileID: 0}
  m_PrefabInstance: {fileID: 0}
  m_PrefabAsset: {fileID: 0}
  m_GameObject: {fileID: 1727970583}
  m_LocalRotation: {x: 0, y: 0, z: 0, w: 1}
  m_LocalPosition: {x: 0, y: 0, z: 36.87}
  m_LocalScale: {x: 1, y: 1, z: 1}
  m_Children: []
  m_Father: {fileID: 0}
  m_RootOrder: 5
  m_LocalEulerAnglesHint: {x: 0, y: 0, z: 0}
--- !u!1001 &1227515838958812363
PrefabInstance:
  m_ObjectHideFlags: 0
  serializedVersion: 2
  m_Modification:
    m_TransformParent: {fileID: 0}
    m_Modifications:
    - target: {fileID: 38059814752156733, guid: 2feecc5bb7b061540acd78c908b36c2f, type: 3}
      propertyPath: m_LocalEulerAnglesHint.x
      value: -13.374441
      objectReference: {fileID: 0}
    - target: {fileID: 38059814752156733, guid: 2feecc5bb7b061540acd78c908b36c2f, type: 3}
      propertyPath: m_LocalEulerAnglesHint.y
      value: 11.641615
      objectReference: {fileID: 0}
    - target: {fileID: 38059814752156733, guid: 2feecc5bb7b061540acd78c908b36c2f, type: 3}
      propertyPath: m_LocalEulerAnglesHint.z
      value: -0.32168654
      objectReference: {fileID: 0}
    - target: {fileID: 44333554901283777, guid: 2feecc5bb7b061540acd78c908b36c2f, type: 3}
      propertyPath: m_LocalEulerAnglesHint.x
      value: 2.762383
      objectReference: {fileID: 0}
    - target: {fileID: 44333554901283777, guid: 2feecc5bb7b061540acd78c908b36c2f, type: 3}
      propertyPath: m_LocalEulerAnglesHint.y
      value: 1.5865096
      objectReference: {fileID: 0}
    - target: {fileID: 44333554901283777, guid: 2feecc5bb7b061540acd78c908b36c2f, type: 3}
      propertyPath: m_LocalEulerAnglesHint.z
      value: -3.044431
      objectReference: {fileID: 0}
    - target: {fileID: 52014871667787517, guid: 2feecc5bb7b061540acd78c908b36c2f, type: 3}
      propertyPath: m_LocalEulerAnglesHint.x
      value: -2.2624502
      objectReference: {fileID: 0}
    - target: {fileID: 52014871667787517, guid: 2feecc5bb7b061540acd78c908b36c2f, type: 3}
      propertyPath: m_LocalEulerAnglesHint.y
      value: -3.652145
      objectReference: {fileID: 0}
    - target: {fileID: 52014871667787517, guid: 2feecc5bb7b061540acd78c908b36c2f, type: 3}
      propertyPath: m_LocalEulerAnglesHint.z
      value: 4.3750324
      objectReference: {fileID: 0}
    - target: {fileID: 179110677591437885, guid: 2feecc5bb7b061540acd78c908b36c2f, type: 3}
      propertyPath: m_LocalEulerAnglesHint.x
      value: 2.2573495
      objectReference: {fileID: 0}
    - target: {fileID: 179110677591437885, guid: 2feecc5bb7b061540acd78c908b36c2f, type: 3}
      propertyPath: m_LocalEulerAnglesHint.y
      value: -4.6408243
      objectReference: {fileID: 0}
    - target: {fileID: 179110677591437885, guid: 2feecc5bb7b061540acd78c908b36c2f, type: 3}
      propertyPath: m_LocalEulerAnglesHint.z
      value: 8.871559
      objectReference: {fileID: 0}
    - target: {fileID: 179249818583336279, guid: 2feecc5bb7b061540acd78c908b36c2f, type: 3}
      propertyPath: m_LocalEulerAnglesHint.x
      value: -7.000535
      objectReference: {fileID: 0}
    - target: {fileID: 179249818583336279, guid: 2feecc5bb7b061540acd78c908b36c2f, type: 3}
      propertyPath: m_LocalEulerAnglesHint.y
      value: 0.77293175
      objectReference: {fileID: 0}
    - target: {fileID: 179249818583336279, guid: 2feecc5bb7b061540acd78c908b36c2f, type: 3}
      propertyPath: m_LocalEulerAnglesHint.z
      value: -0.43151683
      objectReference: {fileID: 0}
    - target: {fileID: 191419811373798673, guid: 2feecc5bb7b061540acd78c908b36c2f, type: 3}
      propertyPath: m_LocalEulerAnglesHint.x
      value: -0.36712366
      objectReference: {fileID: 0}
    - target: {fileID: 191419811373798673, guid: 2feecc5bb7b061540acd78c908b36c2f, type: 3}
      propertyPath: m_LocalEulerAnglesHint.y
      value: -0.6800971
      objectReference: {fileID: 0}
    - target: {fileID: 191419811373798673, guid: 2feecc5bb7b061540acd78c908b36c2f, type: 3}
      propertyPath: m_LocalEulerAnglesHint.z
      value: 1.8120084
      objectReference: {fileID: 0}
    - target: {fileID: 308207111424601138, guid: 2feecc5bb7b061540acd78c908b36c2f, type: 3}
      propertyPath: m_LocalEulerAnglesHint.x
      value: -14.521056
      objectReference: {fileID: 0}
    - target: {fileID: 308207111424601138, guid: 2feecc5bb7b061540acd78c908b36c2f, type: 3}
      propertyPath: m_LocalEulerAnglesHint.y
      value: -13.649946
      objectReference: {fileID: 0}
    - target: {fileID: 308207111424601138, guid: 2feecc5bb7b061540acd78c908b36c2f, type: 3}
      propertyPath: m_LocalEulerAnglesHint.z
      value: 2.1201339
      objectReference: {fileID: 0}
    - target: {fileID: 567654523701690668, guid: 2feecc5bb7b061540acd78c908b36c2f, type: 3}
      propertyPath: m_LocalEulerAnglesHint.x
      value: -6.3546877
      objectReference: {fileID: 0}
    - target: {fileID: 567654523701690668, guid: 2feecc5bb7b061540acd78c908b36c2f, type: 3}
      propertyPath: m_LocalEulerAnglesHint.y
      value: -4.854081
      objectReference: {fileID: 0}
    - target: {fileID: 567654523701690668, guid: 2feecc5bb7b061540acd78c908b36c2f, type: 3}
      propertyPath: m_LocalEulerAnglesHint.z
      value: -0.3233263
      objectReference: {fileID: 0}
    - target: {fileID: 1227515837369699644, guid: 2feecc5bb7b061540acd78c908b36c2f, type: 3}
      propertyPath: m_LocalEulerAnglesHint.x
      value: 7.412117
      objectReference: {fileID: 0}
    - target: {fileID: 1227515837369699644, guid: 2feecc5bb7b061540acd78c908b36c2f, type: 3}
      propertyPath: m_LocalEulerAnglesHint.y
      value: -4.2315226
      objectReference: {fileID: 0}
    - target: {fileID: 1227515837369699644, guid: 2feecc5bb7b061540acd78c908b36c2f, type: 3}
      propertyPath: m_LocalEulerAnglesHint.z
      value: 2.1889105
      objectReference: {fileID: 0}
    - target: {fileID: 1227515837388579036, guid: 2feecc5bb7b061540acd78c908b36c2f, type: 3}
      propertyPath: m_LocalEulerAnglesHint.x
      value: -0.3199624
      objectReference: {fileID: 0}
    - target: {fileID: 1227515837388579036, guid: 2feecc5bb7b061540acd78c908b36c2f, type: 3}
      propertyPath: m_LocalEulerAnglesHint.y
      value: -0.14215265
      objectReference: {fileID: 0}
    - target: {fileID: 1227515837388579036, guid: 2feecc5bb7b061540acd78c908b36c2f, type: 3}
      propertyPath: m_LocalEulerAnglesHint.z
      value: -0.108627655
      objectReference: {fileID: 0}
    - target: {fileID: 1227515837436601455, guid: 2feecc5bb7b061540acd78c908b36c2f, type: 3}
      propertyPath: m_LocalEulerAnglesHint.x
      value: 9.359369
      objectReference: {fileID: 0}
    - target: {fileID: 1227515837436601455, guid: 2feecc5bb7b061540acd78c908b36c2f, type: 3}
      propertyPath: m_LocalEulerAnglesHint.y
      value: 1.5543529
      objectReference: {fileID: 0}
    - target: {fileID: 1227515837436601455, guid: 2feecc5bb7b061540acd78c908b36c2f, type: 3}
      propertyPath: m_LocalEulerAnglesHint.z
      value: -2.0025706
      objectReference: {fileID: 0}
    - target: {fileID: 1227515837543931793, guid: 2feecc5bb7b061540acd78c908b36c2f, type: 3}
      propertyPath: m_LocalEulerAnglesHint.x
      value: -3.4099796
      objectReference: {fileID: 0}
    - target: {fileID: 1227515837543931793, guid: 2feecc5bb7b061540acd78c908b36c2f, type: 3}
      propertyPath: m_LocalEulerAnglesHint.y
      value: -2.9924605
      objectReference: {fileID: 0}
    - target: {fileID: 1227515837543931793, guid: 2feecc5bb7b061540acd78c908b36c2f, type: 3}
      propertyPath: m_LocalEulerAnglesHint.z
      value: -0.5723617
      objectReference: {fileID: 0}
    - target: {fileID: 1227515837553903739, guid: 2feecc5bb7b061540acd78c908b36c2f, type: 3}
      propertyPath: m_LocalEulerAnglesHint.x
      value: -7.7946634
      objectReference: {fileID: 0}
    - target: {fileID: 1227515837553903739, guid: 2feecc5bb7b061540acd78c908b36c2f, type: 3}
      propertyPath: m_LocalEulerAnglesHint.y
      value: 1.6420059
      objectReference: {fileID: 0}
    - target: {fileID: 1227515837553903739, guid: 2feecc5bb7b061540acd78c908b36c2f, type: 3}
      propertyPath: m_LocalEulerAnglesHint.z
      value: 6.7894716
      objectReference: {fileID: 0}
    - target: {fileID: 1227515837614495386, guid: 2feecc5bb7b061540acd78c908b36c2f, type: 3}
      propertyPath: m_LocalEulerAnglesHint.x
      value: -10.568723
      objectReference: {fileID: 0}
    - target: {fileID: 1227515837614495386, guid: 2feecc5bb7b061540acd78c908b36c2f, type: 3}
      propertyPath: m_LocalEulerAnglesHint.y
      value: 3.5389593
      objectReference: {fileID: 0}
    - target: {fileID: 1227515837614495386, guid: 2feecc5bb7b061540acd78c908b36c2f, type: 3}
      propertyPath: m_LocalEulerAnglesHint.z
      value: -2.1727538
      objectReference: {fileID: 0}
    - target: {fileID: 1227515837886341104, guid: 2feecc5bb7b061540acd78c908b36c2f, type: 3}
      propertyPath: m_LocalEulerAnglesHint.x
      value: -2.4782057
      objectReference: {fileID: 0}
    - target: {fileID: 1227515837886341104, guid: 2feecc5bb7b061540acd78c908b36c2f, type: 3}
      propertyPath: m_LocalEulerAnglesHint.y
      value: -0.2156497
      objectReference: {fileID: 0}
    - target: {fileID: 1227515837886341104, guid: 2feecc5bb7b061540acd78c908b36c2f, type: 3}
      propertyPath: m_LocalEulerAnglesHint.z
      value: 2.8137205
      objectReference: {fileID: 0}
    - target: {fileID: 1227515837899828656, guid: 2feecc5bb7b061540acd78c908b36c2f, type: 3}
      propertyPath: m_LocalEulerAnglesHint.x
      value: 2.6922503
      objectReference: {fileID: 0}
    - target: {fileID: 1227515837899828656, guid: 2feecc5bb7b061540acd78c908b36c2f, type: 3}
      propertyPath: m_LocalEulerAnglesHint.y
      value: -19.584496
      objectReference: {fileID: 0}
    - target: {fileID: 1227515837899828656, guid: 2feecc5bb7b061540acd78c908b36c2f, type: 3}
      propertyPath: m_LocalEulerAnglesHint.z
      value: 0.15020987
      objectReference: {fileID: 0}
    - target: {fileID: 1227515837908615766, guid: 2feecc5bb7b061540acd78c908b36c2f, type: 3}
      propertyPath: m_LocalEulerAnglesHint.x
      value: 13.75747
      objectReference: {fileID: 0}
    - target: {fileID: 1227515837908615766, guid: 2feecc5bb7b061540acd78c908b36c2f, type: 3}
      propertyPath: m_LocalEulerAnglesHint.y
      value: 11.484613
      objectReference: {fileID: 0}
    - target: {fileID: 1227515837908615766, guid: 2feecc5bb7b061540acd78c908b36c2f, type: 3}
      propertyPath: m_LocalEulerAnglesHint.z
      value: 1.1906192
      objectReference: {fileID: 0}
    - target: {fileID: 1227515838020921850, guid: 2feecc5bb7b061540acd78c908b36c2f, type: 3}
      propertyPath: m_LocalEulerAnglesHint.x
      value: 1.0093895
      objectReference: {fileID: 0}
    - target: {fileID: 1227515838020921850, guid: 2feecc5bb7b061540acd78c908b36c2f, type: 3}
      propertyPath: m_LocalEulerAnglesHint.y
      value: 4.7281194
      objectReference: {fileID: 0}
    - target: {fileID: 1227515838020921850, guid: 2feecc5bb7b061540acd78c908b36c2f, type: 3}
      propertyPath: m_LocalEulerAnglesHint.z
      value: 0.030727498
      objectReference: {fileID: 0}
    - target: {fileID: 1227515838173067524, guid: 2feecc5bb7b061540acd78c908b36c2f, type: 3}
      propertyPath: m_LocalEulerAnglesHint.x
      value: 1.8988433
      objectReference: {fileID: 0}
    - target: {fileID: 1227515838173067524, guid: 2feecc5bb7b061540acd78c908b36c2f, type: 3}
      propertyPath: m_LocalEulerAnglesHint.y
      value: -9.016159
      objectReference: {fileID: 0}
    - target: {fileID: 1227515838173067524, guid: 2feecc5bb7b061540acd78c908b36c2f, type: 3}
      propertyPath: m_LocalEulerAnglesHint.z
      value: -8.9674225
      objectReference: {fileID: 0}
    - target: {fileID: 1227515838192521943, guid: 2feecc5bb7b061540acd78c908b36c2f, type: 3}
      propertyPath: m_LocalEulerAnglesHint.x
      value: 5.58265
      objectReference: {fileID: 0}
    - target: {fileID: 1227515838192521943, guid: 2feecc5bb7b061540acd78c908b36c2f, type: 3}
      propertyPath: m_LocalEulerAnglesHint.y
      value: -1.9415445
      objectReference: {fileID: 0}
    - target: {fileID: 1227515838192521943, guid: 2feecc5bb7b061540acd78c908b36c2f, type: 3}
      propertyPath: m_LocalEulerAnglesHint.z
      value: -2.8780115
      objectReference: {fileID: 0}
    - target: {fileID: 1227515838290472749, guid: 2feecc5bb7b061540acd78c908b36c2f, type: 3}
      propertyPath: m_LocalEulerAnglesHint.x
      value: -5.516356
      objectReference: {fileID: 0}
    - target: {fileID: 1227515838290472749, guid: 2feecc5bb7b061540acd78c908b36c2f, type: 3}
      propertyPath: m_LocalEulerAnglesHint.y
      value: 7.159406
      objectReference: {fileID: 0}
    - target: {fileID: 1227515838290472749, guid: 2feecc5bb7b061540acd78c908b36c2f, type: 3}
      propertyPath: m_LocalEulerAnglesHint.z
      value: 11.880945
      objectReference: {fileID: 0}
    - target: {fileID: 1227515838361200907, guid: 2feecc5bb7b061540acd78c908b36c2f, type: 3}
      propertyPath: m_LocalEulerAnglesHint.x
      value: 1.5600991
      objectReference: {fileID: 0}
    - target: {fileID: 1227515838361200907, guid: 2feecc5bb7b061540acd78c908b36c2f, type: 3}
      propertyPath: m_LocalEulerAnglesHint.y
      value: -6.861278
      objectReference: {fileID: 0}
    - target: {fileID: 1227515838361200907, guid: 2feecc5bb7b061540acd78c908b36c2f, type: 3}
      propertyPath: m_LocalEulerAnglesHint.z
      value: -5.3730063
      objectReference: {fileID: 0}
    - target: {fileID: 1227515838387006974, guid: 2feecc5bb7b061540acd78c908b36c2f, type: 3}
      propertyPath: m_LocalEulerAnglesHint.x
      value: 4.892998
      objectReference: {fileID: 0}
    - target: {fileID: 1227515838387006974, guid: 2feecc5bb7b061540acd78c908b36c2f, type: 3}
      propertyPath: m_LocalEulerAnglesHint.y
      value: 0.5954975
      objectReference: {fileID: 0}
    - target: {fileID: 1227515838387006974, guid: 2feecc5bb7b061540acd78c908b36c2f, type: 3}
      propertyPath: m_LocalEulerAnglesHint.z
      value: -1.8399417
      objectReference: {fileID: 0}
    - target: {fileID: 1227515838391009217, guid: 2feecc5bb7b061540acd78c908b36c2f, type: 3}
      propertyPath: m_LocalEulerAnglesHint.x
      value: 14.114782
      objectReference: {fileID: 0}
    - target: {fileID: 1227515838391009217, guid: 2feecc5bb7b061540acd78c908b36c2f, type: 3}
      propertyPath: m_LocalEulerAnglesHint.y
      value: -14.330138
      objectReference: {fileID: 0}
    - target: {fileID: 1227515838391009217, guid: 2feecc5bb7b061540acd78c908b36c2f, type: 3}
      propertyPath: m_LocalEulerAnglesHint.z
      value: -3.654264
      objectReference: {fileID: 0}
    - target: {fileID: 1227515838455875544, guid: 2feecc5bb7b061540acd78c908b36c2f, type: 3}
      propertyPath: m_LocalEulerAnglesHint.x
      value: -0.81870306
      objectReference: {fileID: 0}
    - target: {fileID: 1227515838455875544, guid: 2feecc5bb7b061540acd78c908b36c2f, type: 3}
      propertyPath: m_LocalEulerAnglesHint.y
      value: -7.034725
      objectReference: {fileID: 0}
    - target: {fileID: 1227515838455875544, guid: 2feecc5bb7b061540acd78c908b36c2f, type: 3}
      propertyPath: m_LocalEulerAnglesHint.z
      value: -0.92384756
      objectReference: {fileID: 0}
    - target: {fileID: 1227515838520665857, guid: 2feecc5bb7b061540acd78c908b36c2f, type: 3}
      propertyPath: m_LocalEulerAnglesHint.x
      value: 7.8790326
      objectReference: {fileID: 0}
    - target: {fileID: 1227515838520665857, guid: 2feecc5bb7b061540acd78c908b36c2f, type: 3}
      propertyPath: m_LocalEulerAnglesHint.y
      value: 16.245459
      objectReference: {fileID: 0}
    - target: {fileID: 1227515838520665857, guid: 2feecc5bb7b061540acd78c908b36c2f, type: 3}
      propertyPath: m_LocalEulerAnglesHint.z
      value: 0.8458902
      objectReference: {fileID: 0}
    - target: {fileID: 1227515838536567078, guid: 2feecc5bb7b061540acd78c908b36c2f, type: 3}
      propertyPath: m_LocalEulerAnglesHint.x
      value: -8.48017
      objectReference: {fileID: 0}
    - target: {fileID: 1227515838536567078, guid: 2feecc5bb7b061540acd78c908b36c2f, type: 3}
      propertyPath: m_LocalEulerAnglesHint.y
      value: -3.138126
      objectReference: {fileID: 0}
    - target: {fileID: 1227515838536567078, guid: 2feecc5bb7b061540acd78c908b36c2f, type: 3}
      propertyPath: m_LocalEulerAnglesHint.z
      value: -8.589013
      objectReference: {fileID: 0}
    - target: {fileID: 1227515838656218992, guid: 2feecc5bb7b061540acd78c908b36c2f, type: 3}
      propertyPath: m_LocalEulerAnglesHint.x
      value: -0.6032935
      objectReference: {fileID: 0}
    - target: {fileID: 1227515838656218992, guid: 2feecc5bb7b061540acd78c908b36c2f, type: 3}
      propertyPath: m_LocalEulerAnglesHint.y
      value: -2.0314536
      objectReference: {fileID: 0}
    - target: {fileID: 1227515838656218992, guid: 2feecc5bb7b061540acd78c908b36c2f, type: 3}
      propertyPath: m_LocalEulerAnglesHint.z
      value: -1.1330122
      objectReference: {fileID: 0}
    - target: {fileID: 1227515838686932200, guid: 2feecc5bb7b061540acd78c908b36c2f, type: 3}
      propertyPath: m_LocalEulerAnglesHint.x
      value: 3.055449
      objectReference: {fileID: 0}
    - target: {fileID: 1227515838686932200, guid: 2feecc5bb7b061540acd78c908b36c2f, type: 3}
      propertyPath: m_LocalEulerAnglesHint.y
      value: 18.905756
      objectReference: {fileID: 0}
    - target: {fileID: 1227515838686932200, guid: 2feecc5bb7b061540acd78c908b36c2f, type: 3}
      propertyPath: m_LocalEulerAnglesHint.z
      value: 0.22791997
      objectReference: {fileID: 0}
    - target: {fileID: 1227515838714291276, guid: 2feecc5bb7b061540acd78c908b36c2f, type: 3}
      propertyPath: m_LocalEulerAnglesHint.x
      value: 3.419163
      objectReference: {fileID: 0}
    - target: {fileID: 1227515838714291276, guid: 2feecc5bb7b061540acd78c908b36c2f, type: 3}
      propertyPath: m_LocalEulerAnglesHint.y
      value: 2.6130133
      objectReference: {fileID: 0}
    - target: {fileID: 1227515838714291276, guid: 2feecc5bb7b061540acd78c908b36c2f, type: 3}
      propertyPath: m_LocalEulerAnglesHint.z
      value: 2.2874513
      objectReference: {fileID: 0}
    - target: {fileID: 1227515838931804205, guid: 2feecc5bb7b061540acd78c908b36c2f, type: 3}
      propertyPath: m_LocalEulerAnglesHint.x
      value: 5.072389
      objectReference: {fileID: 0}
    - target: {fileID: 1227515838931804205, guid: 2feecc5bb7b061540acd78c908b36c2f, type: 3}
      propertyPath: m_LocalEulerAnglesHint.y
      value: 0.40797967
      objectReference: {fileID: 0}
    - target: {fileID: 1227515838931804205, guid: 2feecc5bb7b061540acd78c908b36c2f, type: 3}
      propertyPath: m_LocalEulerAnglesHint.z
      value: 2.2646544
      objectReference: {fileID: 0}
    - target: {fileID: 1227515838963507533, guid: 2feecc5bb7b061540acd78c908b36c2f, type: 3}
      propertyPath: m_LocalEulerAnglesHint.x
      value: 19.29473
      objectReference: {fileID: 0}
    - target: {fileID: 1227515838963507533, guid: 2feecc5bb7b061540acd78c908b36c2f, type: 3}
      propertyPath: m_LocalEulerAnglesHint.y
      value: 5.2332726
      objectReference: {fileID: 0}
    - target: {fileID: 1227515838963507533, guid: 2feecc5bb7b061540acd78c908b36c2f, type: 3}
      propertyPath: m_LocalEulerAnglesHint.z
      value: 2.7301502
      objectReference: {fileID: 0}
    - target: {fileID: 1227515839029216101, guid: 2feecc5bb7b061540acd78c908b36c2f, type: 3}
      propertyPath: m_LocalEulerAnglesHint.x
      value: 4.7181597
      objectReference: {fileID: 0}
    - target: {fileID: 1227515839029216101, guid: 2feecc5bb7b061540acd78c908b36c2f, type: 3}
      propertyPath: m_LocalEulerAnglesHint.y
      value: -4.3693027
      objectReference: {fileID: 0}
    - target: {fileID: 1227515839029216101, guid: 2feecc5bb7b061540acd78c908b36c2f, type: 3}
      propertyPath: m_LocalEulerAnglesHint.z
      value: -2.536931
      objectReference: {fileID: 0}
    - target: {fileID: 1227515839073681688, guid: 2feecc5bb7b061540acd78c908b36c2f, type: 3}
      propertyPath: m_LocalEulerAnglesHint.x
      value: 5.6656113
      objectReference: {fileID: 0}
    - target: {fileID: 1227515839073681688, guid: 2feecc5bb7b061540acd78c908b36c2f, type: 3}
      propertyPath: m_LocalEulerAnglesHint.y
      value: -1.5209444
      objectReference: {fileID: 0}
    - target: {fileID: 1227515839073681688, guid: 2feecc5bb7b061540acd78c908b36c2f, type: 3}
      propertyPath: m_LocalEulerAnglesHint.z
      value: -2.4627247
      objectReference: {fileID: 0}
    - target: {fileID: 1227515839077282544, guid: 2feecc5bb7b061540acd78c908b36c2f, type: 3}
      propertyPath: m_LocalEulerAnglesHint.x
      value: -0.5206264
      objectReference: {fileID: 0}
    - target: {fileID: 1227515839077282544, guid: 2feecc5bb7b061540acd78c908b36c2f, type: 3}
      propertyPath: m_LocalEulerAnglesHint.y
      value: 0.6076481
      objectReference: {fileID: 0}
    - target: {fileID: 1227515839077282544, guid: 2feecc5bb7b061540acd78c908b36c2f, type: 3}
      propertyPath: m_LocalEulerAnglesHint.z
      value: 2.2391407
      objectReference: {fileID: 0}
    - target: {fileID: 1227515839087302573, guid: 2feecc5bb7b061540acd78c908b36c2f, type: 3}
      propertyPath: m_LocalEulerAnglesHint.x
      value: -3.5223765
      objectReference: {fileID: 0}
    - target: {fileID: 1227515839087302573, guid: 2feecc5bb7b061540acd78c908b36c2f, type: 3}
      propertyPath: m_LocalEulerAnglesHint.y
      value: -7.7616534
      objectReference: {fileID: 0}
    - target: {fileID: 1227515839087302573, guid: 2feecc5bb7b061540acd78c908b36c2f, type: 3}
      propertyPath: m_LocalEulerAnglesHint.z
      value: -11.783349
      objectReference: {fileID: 0}
    - target: {fileID: 1227515839122122073, guid: 2feecc5bb7b061540acd78c908b36c2f, type: 3}
      propertyPath: m_LocalEulerAnglesHint.x
      value: -6.6154366
      objectReference: {fileID: 0}
    - target: {fileID: 1227515839122122073, guid: 2feecc5bb7b061540acd78c908b36c2f, type: 3}
      propertyPath: m_LocalEulerAnglesHint.y
      value: -1.0584472
      objectReference: {fileID: 0}
    - target: {fileID: 1227515839122122073, guid: 2feecc5bb7b061540acd78c908b36c2f, type: 3}
      propertyPath: m_LocalEulerAnglesHint.z
      value: 1.1854367
      objectReference: {fileID: 0}
    - target: {fileID: 1227515839158037324, guid: 2feecc5bb7b061540acd78c908b36c2f, type: 3}
      propertyPath: m_LocalEulerAnglesHint.x
      value: 3.5702727
      objectReference: {fileID: 0}
    - target: {fileID: 1227515839158037324, guid: 2feecc5bb7b061540acd78c908b36c2f, type: 3}
      propertyPath: m_LocalEulerAnglesHint.y
      value: 7.081808
      objectReference: {fileID: 0}
    - target: {fileID: 1227515839158037324, guid: 2feecc5bb7b061540acd78c908b36c2f, type: 3}
      propertyPath: m_LocalEulerAnglesHint.z
      value: 7.2977858
      objectReference: {fileID: 0}
    - target: {fileID: 1227515839228891865, guid: 2feecc5bb7b061540acd78c908b36c2f, type: 3}
      propertyPath: m_LocalEulerAnglesHint.x
      value: 2.3784041
      objectReference: {fileID: 0}
    - target: {fileID: 1227515839228891865, guid: 2feecc5bb7b061540acd78c908b36c2f, type: 3}
      propertyPath: m_LocalEulerAnglesHint.y
      value: 7.3706746
      objectReference: {fileID: 0}
    - target: {fileID: 1227515839228891865, guid: 2feecc5bb7b061540acd78c908b36c2f, type: 3}
      propertyPath: m_LocalEulerAnglesHint.z
      value: 6.9397855
      objectReference: {fileID: 0}
    - target: {fileID: 1227515839284381543, guid: 2feecc5bb7b061540acd78c908b36c2f, type: 3}
      propertyPath: m_LocalEulerAnglesHint.x
      value: -1.4999524
      objectReference: {fileID: 0}
    - target: {fileID: 1227515839284381543, guid: 2feecc5bb7b061540acd78c908b36c2f, type: 3}
      propertyPath: m_LocalEulerAnglesHint.y
      value: 0.49512863
      objectReference: {fileID: 0}
    - target: {fileID: 1227515839284381543, guid: 2feecc5bb7b061540acd78c908b36c2f, type: 3}
      propertyPath: m_LocalEulerAnglesHint.z
      value: -0.20654675
      objectReference: {fileID: 0}
    - target: {fileID: 1227515839299277913, guid: 2feecc5bb7b061540acd78c908b36c2f, type: 3}
      propertyPath: m_LocalEulerAnglesHint.x
      value: -2.1052837
      objectReference: {fileID: 0}
    - target: {fileID: 1227515839299277913, guid: 2feecc5bb7b061540acd78c908b36c2f, type: 3}
      propertyPath: m_LocalEulerAnglesHint.y
      value: 3.662042
      objectReference: {fileID: 0}
    - target: {fileID: 1227515839299277913, guid: 2feecc5bb7b061540acd78c908b36c2f, type: 3}
      propertyPath: m_LocalEulerAnglesHint.z
      value: 1.5401783
      objectReference: {fileID: 0}
    - target: {fileID: 1227515839314948053, guid: 2feecc5bb7b061540acd78c908b36c2f, type: 3}
      propertyPath: m_LocalEulerAnglesHint.x
      value: 1.9593891
      objectReference: {fileID: 0}
    - target: {fileID: 1227515839314948053, guid: 2feecc5bb7b061540acd78c908b36c2f, type: 3}
      propertyPath: m_LocalEulerAnglesHint.y
      value: -0.6763722
      objectReference: {fileID: 0}
    - target: {fileID: 1227515839314948053, guid: 2feecc5bb7b061540acd78c908b36c2f, type: 3}
      propertyPath: m_LocalEulerAnglesHint.z
      value: 1.5761303
      objectReference: {fileID: 0}
    - target: {fileID: 1227515839421205504, guid: 2feecc5bb7b061540acd78c908b36c2f, type: 3}
      propertyPath: m_LocalEulerAnglesHint.x
      value: 3.3910832
      objectReference: {fileID: 0}
    - target: {fileID: 1227515839421205504, guid: 2feecc5bb7b061540acd78c908b36c2f, type: 3}
      propertyPath: m_LocalEulerAnglesHint.y
      value: 0.26597816
      objectReference: {fileID: 0}
    - target: {fileID: 1227515839421205504, guid: 2feecc5bb7b061540acd78c908b36c2f, type: 3}
      propertyPath: m_LocalEulerAnglesHint.z
      value: 1.6374983
      objectReference: {fileID: 0}
    - target: {fileID: 1227515839429664896, guid: 2feecc5bb7b061540acd78c908b36c2f, type: 3}
      propertyPath: m_LocalEulerAnglesHint.x
      value: 2.7507215
      objectReference: {fileID: 0}
    - target: {fileID: 1227515839429664896, guid: 2feecc5bb7b061540acd78c908b36c2f, type: 3}
      propertyPath: m_LocalEulerAnglesHint.y
      value: 2.8099174
      objectReference: {fileID: 0}
    - target: {fileID: 1227515839429664896, guid: 2feecc5bb7b061540acd78c908b36c2f, type: 3}
      propertyPath: m_LocalEulerAnglesHint.z
      value: 1.8693103
      objectReference: {fileID: 0}
    - target: {fileID: 1306395965301721389, guid: 2feecc5bb7b061540acd78c908b36c2f, type: 3}
      propertyPath: m_LocalEulerAnglesHint.x
      value: -2.2346961
      objectReference: {fileID: 0}
    - target: {fileID: 1306395965301721389, guid: 2feecc5bb7b061540acd78c908b36c2f, type: 3}
      propertyPath: m_LocalEulerAnglesHint.y
      value: 3.1539533
      objectReference: {fileID: 0}
    - target: {fileID: 1306395965301721389, guid: 2feecc5bb7b061540acd78c908b36c2f, type: 3}
      propertyPath: m_LocalEulerAnglesHint.z
      value: 0.5802734
      objectReference: {fileID: 0}
    - target: {fileID: 1718375349502383694, guid: 2feecc5bb7b061540acd78c908b36c2f, type: 3}
      propertyPath: m_LocalEulerAnglesHint.x
      value: 1.617351
      objectReference: {fileID: 0}
    - target: {fileID: 1718375349502383694, guid: 2feecc5bb7b061540acd78c908b36c2f, type: 3}
      propertyPath: m_LocalEulerAnglesHint.y
      value: -3.1142642
      objectReference: {fileID: 0}
    - target: {fileID: 1718375349502383694, guid: 2feecc5bb7b061540acd78c908b36c2f, type: 3}
      propertyPath: m_LocalEulerAnglesHint.z
      value: 2.4940865
      objectReference: {fileID: 0}
    - target: {fileID: 2217330656569109008, guid: 2feecc5bb7b061540acd78c908b36c2f, type: 3}
      propertyPath: m_LocalEulerAnglesHint.x
      value: 3.790382
      objectReference: {fileID: 0}
    - target: {fileID: 2217330656569109008, guid: 2feecc5bb7b061540acd78c908b36c2f, type: 3}
      propertyPath: m_LocalEulerAnglesHint.y
      value: 0.30262154
      objectReference: {fileID: 0}
    - target: {fileID: 2217330656569109008, guid: 2feecc5bb7b061540acd78c908b36c2f, type: 3}
      propertyPath: m_LocalEulerAnglesHint.z
      value: -10.525415
      objectReference: {fileID: 0}
    - target: {fileID: 2427046428808790819, guid: 2feecc5bb7b061540acd78c908b36c2f, type: 3}
      propertyPath: m_Name
      value: wall 1
      objectReference: {fileID: 0}
    - target: {fileID: 2427046428808790819, guid: 2feecc5bb7b061540acd78c908b36c2f, type: 3}
      propertyPath: m_IsActive
      value: 0
      objectReference: {fileID: 0}
    - target: {fileID: 2461969946286112680, guid: 2feecc5bb7b061540acd78c908b36c2f, type: 3}
      propertyPath: m_LocalEulerAnglesHint.x
      value: 6.4319715
      objectReference: {fileID: 0}
    - target: {fileID: 2461969946286112680, guid: 2feecc5bb7b061540acd78c908b36c2f, type: 3}
      propertyPath: m_LocalEulerAnglesHint.y
      value: -1.3198265
      objectReference: {fileID: 0}
    - target: {fileID: 2461969946286112680, guid: 2feecc5bb7b061540acd78c908b36c2f, type: 3}
      propertyPath: m_LocalEulerAnglesHint.z
      value: -2.566178
      objectReference: {fileID: 0}
    - target: {fileID: 3090957476056996249, guid: 2feecc5bb7b061540acd78c908b36c2f, type: 3}
      propertyPath: m_RootOrder
      value: 1
      objectReference: {fileID: 0}
    - target: {fileID: 3090957476056996249, guid: 2feecc5bb7b061540acd78c908b36c2f, type: 3}
      propertyPath: m_LocalPosition.x
      value: -240.8
      objectReference: {fileID: 0}
    - target: {fileID: 3090957476056996249, guid: 2feecc5bb7b061540acd78c908b36c2f, type: 3}
      propertyPath: m_LocalPosition.y
      value: 77.17
      objectReference: {fileID: 0}
    - target: {fileID: 3090957476056996249, guid: 2feecc5bb7b061540acd78c908b36c2f, type: 3}
      propertyPath: m_LocalPosition.z
      value: -74.9
      objectReference: {fileID: 0}
    - target: {fileID: 3090957476056996249, guid: 2feecc5bb7b061540acd78c908b36c2f, type: 3}
      propertyPath: m_LocalRotation.w
      value: 0.7071068
      objectReference: {fileID: 0}
    - target: {fileID: 3090957476056996249, guid: 2feecc5bb7b061540acd78c908b36c2f, type: 3}
      propertyPath: m_LocalRotation.x
      value: 0.7071068
      objectReference: {fileID: 0}
    - target: {fileID: 3090957476056996249, guid: 2feecc5bb7b061540acd78c908b36c2f, type: 3}
      propertyPath: m_LocalRotation.y
      value: 0
      objectReference: {fileID: 0}
    - target: {fileID: 3090957476056996249, guid: 2feecc5bb7b061540acd78c908b36c2f, type: 3}
      propertyPath: m_LocalRotation.z
      value: 0
      objectReference: {fileID: 0}
    - target: {fileID: 3090957476056996249, guid: 2feecc5bb7b061540acd78c908b36c2f, type: 3}
      propertyPath: m_LocalEulerAnglesHint.x
      value: 90
      objectReference: {fileID: 0}
    - target: {fileID: 3090957476056996249, guid: 2feecc5bb7b061540acd78c908b36c2f, type: 3}
      propertyPath: m_LocalEulerAnglesHint.y
      value: 0
      objectReference: {fileID: 0}
    - target: {fileID: 3090957476056996249, guid: 2feecc5bb7b061540acd78c908b36c2f, type: 3}
      propertyPath: m_LocalEulerAnglesHint.z
      value: 0
      objectReference: {fileID: 0}
    - target: {fileID: 3370639907797811005, guid: 2feecc5bb7b061540acd78c908b36c2f, type: 3}
      propertyPath: m_LocalEulerAnglesHint.x
      value: 4.1234884
      objectReference: {fileID: 0}
    - target: {fileID: 3370639907797811005, guid: 2feecc5bb7b061540acd78c908b36c2f, type: 3}
      propertyPath: m_LocalEulerAnglesHint.y
      value: -3.037008
      objectReference: {fileID: 0}
    - target: {fileID: 3370639907797811005, guid: 2feecc5bb7b061540acd78c908b36c2f, type: 3}
      propertyPath: m_LocalEulerAnglesHint.z
      value: 0.30247
      objectReference: {fileID: 0}
    - target: {fileID: 3469537453339310509, guid: 2feecc5bb7b061540acd78c908b36c2f, type: 3}
      propertyPath: m_LocalEulerAnglesHint.x
      value: 2.5967124
      objectReference: {fileID: 0}
    - target: {fileID: 3469537453339310509, guid: 2feecc5bb7b061540acd78c908b36c2f, type: 3}
      propertyPath: m_LocalEulerAnglesHint.y
      value: 0.3240188
      objectReference: {fileID: 0}
    - target: {fileID: 3469537453339310509, guid: 2feecc5bb7b061540acd78c908b36c2f, type: 3}
      propertyPath: m_LocalEulerAnglesHint.z
      value: -2.898697
      objectReference: {fileID: 0}
    - target: {fileID: 4038867866040410011, guid: 2feecc5bb7b061540acd78c908b36c2f, type: 3}
      propertyPath: m_LocalEulerAnglesHint.x
      value: 6.8516483
      objectReference: {fileID: 0}
    - target: {fileID: 4038867866040410011, guid: 2feecc5bb7b061540acd78c908b36c2f, type: 3}
      propertyPath: m_LocalEulerAnglesHint.y
      value: -0.5040666
      objectReference: {fileID: 0}
    - target: {fileID: 4038867866040410011, guid: 2feecc5bb7b061540acd78c908b36c2f, type: 3}
      propertyPath: m_LocalEulerAnglesHint.z
      value: 2.7474868
      objectReference: {fileID: 0}
    - target: {fileID: 4153132681777348647, guid: 2feecc5bb7b061540acd78c908b36c2f, type: 3}
      propertyPath: m_LocalEulerAnglesHint.x
      value: -5.9602194
      objectReference: {fileID: 0}
    - target: {fileID: 4153132681777348647, guid: 2feecc5bb7b061540acd78c908b36c2f, type: 3}
      propertyPath: m_LocalEulerAnglesHint.y
      value: 8.301378
      objectReference: {fileID: 0}
    - target: {fileID: 4153132681777348647, guid: 2feecc5bb7b061540acd78c908b36c2f, type: 3}
      propertyPath: m_LocalEulerAnglesHint.z
      value: -6.183969
      objectReference: {fileID: 0}
    - target: {fileID: 4281907020697139677, guid: 2feecc5bb7b061540acd78c908b36c2f, type: 3}
      propertyPath: m_LocalEulerAnglesHint.x
      value: -0.1618952
      objectReference: {fileID: 0}
    - target: {fileID: 4281907020697139677, guid: 2feecc5bb7b061540acd78c908b36c2f, type: 3}
      propertyPath: m_LocalEulerAnglesHint.y
      value: 1.0725933
      objectReference: {fileID: 0}
    - target: {fileID: 4281907020697139677, guid: 2feecc5bb7b061540acd78c908b36c2f, type: 3}
      propertyPath: m_LocalEulerAnglesHint.z
      value: 0.67054963
      objectReference: {fileID: 0}
    - target: {fileID: 4657940784703990347, guid: 2feecc5bb7b061540acd78c908b36c2f, type: 3}
      propertyPath: m_LocalEulerAnglesHint.x
      value: -4.771178
      objectReference: {fileID: 0}
    - target: {fileID: 4657940784703990347, guid: 2feecc5bb7b061540acd78c908b36c2f, type: 3}
      propertyPath: m_LocalEulerAnglesHint.y
      value: -5.2759023
      objectReference: {fileID: 0}
    - target: {fileID: 4657940784703990347, guid: 2feecc5bb7b061540acd78c908b36c2f, type: 3}
      propertyPath: m_LocalEulerAnglesHint.z
      value: -1.5710392
      objectReference: {fileID: 0}
    - target: {fileID: 4663620580940371857, guid: 2feecc5bb7b061540acd78c908b36c2f, type: 3}
      propertyPath: m_LocalEulerAnglesHint.x
      value: 1.5682416
      objectReference: {fileID: 0}
    - target: {fileID: 4663620580940371857, guid: 2feecc5bb7b061540acd78c908b36c2f, type: 3}
      propertyPath: m_LocalEulerAnglesHint.y
      value: -1.1437325
      objectReference: {fileID: 0}
    - target: {fileID: 4663620580940371857, guid: 2feecc5bb7b061540acd78c908b36c2f, type: 3}
      propertyPath: m_LocalEulerAnglesHint.z
      value: 9.781153
      objectReference: {fileID: 0}
    - target: {fileID: 4829680846193521623, guid: 2feecc5bb7b061540acd78c908b36c2f, type: 3}
      propertyPath: m_LocalEulerAnglesHint.x
      value: -3.1172593
      objectReference: {fileID: 0}
    - target: {fileID: 4829680846193521623, guid: 2feecc5bb7b061540acd78c908b36c2f, type: 3}
      propertyPath: m_LocalEulerAnglesHint.y
      value: -1.3017131
      objectReference: {fileID: 0}
    - target: {fileID: 4829680846193521623, guid: 2feecc5bb7b061540acd78c908b36c2f, type: 3}
      propertyPath: m_LocalEulerAnglesHint.z
      value: -0.07228614
      objectReference: {fileID: 0}
    - target: {fileID: 5317957928031397061, guid: 2feecc5bb7b061540acd78c908b36c2f, type: 3}
      propertyPath: m_LocalEulerAnglesHint.x
      value: 4.111286
      objectReference: {fileID: 0}
    - target: {fileID: 5317957928031397061, guid: 2feecc5bb7b061540acd78c908b36c2f, type: 3}
      propertyPath: m_LocalEulerAnglesHint.y
      value: 0.113025054
      objectReference: {fileID: 0}
    - target: {fileID: 5317957928031397061, guid: 2feecc5bb7b061540acd78c908b36c2f, type: 3}
      propertyPath: m_LocalEulerAnglesHint.z
      value: -3.1557884
      objectReference: {fileID: 0}
    - target: {fileID: 5330815327325834085, guid: 2feecc5bb7b061540acd78c908b36c2f, type: 3}
      propertyPath: m_LocalEulerAnglesHint.x
      value: -1.3661423
      objectReference: {fileID: 0}
    - target: {fileID: 5330815327325834085, guid: 2feecc5bb7b061540acd78c908b36c2f, type: 3}
      propertyPath: m_LocalEulerAnglesHint.y
      value: -2.8215265
      objectReference: {fileID: 0}
    - target: {fileID: 5330815327325834085, guid: 2feecc5bb7b061540acd78c908b36c2f, type: 3}
      propertyPath: m_LocalEulerAnglesHint.z
      value: 3.0561697
      objectReference: {fileID: 0}
    - target: {fileID: 5330877383486096593, guid: 2feecc5bb7b061540acd78c908b36c2f, type: 3}
      propertyPath: m_LocalEulerAnglesHint.x
      value: -5.5897484
      objectReference: {fileID: 0}
    - target: {fileID: 5330877383486096593, guid: 2feecc5bb7b061540acd78c908b36c2f, type: 3}
      propertyPath: m_LocalEulerAnglesHint.y
      value: -10.192669
      objectReference: {fileID: 0}
    - target: {fileID: 5330877383486096593, guid: 2feecc5bb7b061540acd78c908b36c2f, type: 3}
      propertyPath: m_LocalEulerAnglesHint.z
      value: 8.856261
      objectReference: {fileID: 0}
    - target: {fileID: 5613670066652333593, guid: 2feecc5bb7b061540acd78c908b36c2f, type: 3}
      propertyPath: m_LocalEulerAnglesHint.x
      value: -2.5894063
      objectReference: {fileID: 0}
    - target: {fileID: 5613670066652333593, guid: 2feecc5bb7b061540acd78c908b36c2f, type: 3}
      propertyPath: m_LocalEulerAnglesHint.y
      value: 2.750282
      objectReference: {fileID: 0}
    - target: {fileID: 5613670066652333593, guid: 2feecc5bb7b061540acd78c908b36c2f, type: 3}
      propertyPath: m_LocalEulerAnglesHint.z
      value: -3.905818
      objectReference: {fileID: 0}
    - target: {fileID: 5673942610469183937, guid: 2feecc5bb7b061540acd78c908b36c2f, type: 3}
      propertyPath: m_LocalEulerAnglesHint.x
      value: -4.3758554
      objectReference: {fileID: 0}
    - target: {fileID: 5673942610469183937, guid: 2feecc5bb7b061540acd78c908b36c2f, type: 3}
      propertyPath: m_LocalEulerAnglesHint.y
      value: 2.9319081
      objectReference: {fileID: 0}
    - target: {fileID: 5673942610469183937, guid: 2feecc5bb7b061540acd78c908b36c2f, type: 3}
      propertyPath: m_LocalEulerAnglesHint.z
      value: 2.0310223
      objectReference: {fileID: 0}
    - target: {fileID: 6146879553276952581, guid: 2feecc5bb7b061540acd78c908b36c2f, type: 3}
      propertyPath: m_LocalEulerAnglesHint.x
      value: 4.912879
      objectReference: {fileID: 0}
    - target: {fileID: 6146879553276952581, guid: 2feecc5bb7b061540acd78c908b36c2f, type: 3}
      propertyPath: m_LocalEulerAnglesHint.y
      value: 4.1643133
      objectReference: {fileID: 0}
    - target: {fileID: 6146879553276952581, guid: 2feecc5bb7b061540acd78c908b36c2f, type: 3}
      propertyPath: m_LocalEulerAnglesHint.z
      value: 1.1031659
      objectReference: {fileID: 0}
    - target: {fileID: 6479669624168260287, guid: 2feecc5bb7b061540acd78c908b36c2f, type: 3}
      propertyPath: m_LocalEulerAnglesHint.x
      value: 6.0275807
      objectReference: {fileID: 0}
    - target: {fileID: 6479669624168260287, guid: 2feecc5bb7b061540acd78c908b36c2f, type: 3}
      propertyPath: m_LocalEulerAnglesHint.y
      value: -7.8323073
      objectReference: {fileID: 0}
    - target: {fileID: 6479669624168260287, guid: 2feecc5bb7b061540acd78c908b36c2f, type: 3}
      propertyPath: m_LocalEulerAnglesHint.z
      value: 2.4881754
      objectReference: {fileID: 0}
    - target: {fileID: 7470192960537881676, guid: 2feecc5bb7b061540acd78c908b36c2f, type: 3}
      propertyPath: m_LocalEulerAnglesHint.x
      value: -6.006838
      objectReference: {fileID: 0}
    - target: {fileID: 7470192960537881676, guid: 2feecc5bb7b061540acd78c908b36c2f, type: 3}
      propertyPath: m_LocalEulerAnglesHint.y
      value: 8.078189
      objectReference: {fileID: 0}
    - target: {fileID: 7470192960537881676, guid: 2feecc5bb7b061540acd78c908b36c2f, type: 3}
      propertyPath: m_LocalEulerAnglesHint.z
      value: -6.6480017
      objectReference: {fileID: 0}
    - target: {fileID: 7604206894600447294, guid: 2feecc5bb7b061540acd78c908b36c2f, type: 3}
      propertyPath: m_LocalEulerAnglesHint.x
      value: -3.177179
      objectReference: {fileID: 0}
    - target: {fileID: 7604206894600447294, guid: 2feecc5bb7b061540acd78c908b36c2f, type: 3}
      propertyPath: m_LocalEulerAnglesHint.y
      value: 2.5498571
      objectReference: {fileID: 0}
    - target: {fileID: 7604206894600447294, guid: 2feecc5bb7b061540acd78c908b36c2f, type: 3}
      propertyPath: m_LocalEulerAnglesHint.z
      value: -3.9774115
      objectReference: {fileID: 0}
    - target: {fileID: 7631533720437833482, guid: 2feecc5bb7b061540acd78c908b36c2f, type: 3}
      propertyPath: m_LocalEulerAnglesHint.x
      value: 2.3975346
      objectReference: {fileID: 0}
    - target: {fileID: 7631533720437833482, guid: 2feecc5bb7b061540acd78c908b36c2f, type: 3}
      propertyPath: m_LocalEulerAnglesHint.y
      value: 2.8775268
      objectReference: {fileID: 0}
    - target: {fileID: 7631533720437833482, guid: 2feecc5bb7b061540acd78c908b36c2f, type: 3}
      propertyPath: m_LocalEulerAnglesHint.z
      value: -6.9069624
      objectReference: {fileID: 0}
    - target: {fileID: 8122003836511577557, guid: 2feecc5bb7b061540acd78c908b36c2f, type: 3}
      propertyPath: m_LocalEulerAnglesHint.x
      value: -1.2121782
      objectReference: {fileID: 0}
    - target: {fileID: 8122003836511577557, guid: 2feecc5bb7b061540acd78c908b36c2f, type: 3}
      propertyPath: m_LocalEulerAnglesHint.y
      value: 0.7233901
      objectReference: {fileID: 0}
    - target: {fileID: 8122003836511577557, guid: 2feecc5bb7b061540acd78c908b36c2f, type: 3}
      propertyPath: m_LocalEulerAnglesHint.z
      value: -2.7698064
      objectReference: {fileID: 0}
    - target: {fileID: 8278744387967486259, guid: 2feecc5bb7b061540acd78c908b36c2f, type: 3}
      propertyPath: m_LocalEulerAnglesHint.x
      value: 6.0848846
      objectReference: {fileID: 0}
    - target: {fileID: 8278744387967486259, guid: 2feecc5bb7b061540acd78c908b36c2f, type: 3}
      propertyPath: m_LocalEulerAnglesHint.y
      value: -2.7661462
      objectReference: {fileID: 0}
    - target: {fileID: 8278744387967486259, guid: 2feecc5bb7b061540acd78c908b36c2f, type: 3}
      propertyPath: m_LocalEulerAnglesHint.z
      value: 7.52932
      objectReference: {fileID: 0}
    - target: {fileID: 8360274476762518678, guid: 2feecc5bb7b061540acd78c908b36c2f, type: 3}
      propertyPath: m_LocalEulerAnglesHint.x
      value: -2.7905397
      objectReference: {fileID: 0}
    - target: {fileID: 8360274476762518678, guid: 2feecc5bb7b061540acd78c908b36c2f, type: 3}
      propertyPath: m_LocalEulerAnglesHint.y
      value: -0.9405504
      objectReference: {fileID: 0}
    - target: {fileID: 8360274476762518678, guid: 2feecc5bb7b061540acd78c908b36c2f, type: 3}
      propertyPath: m_LocalEulerAnglesHint.z
      value: 4.273158
      objectReference: {fileID: 0}
    - target: {fileID: 8364566070535164343, guid: 2feecc5bb7b061540acd78c908b36c2f, type: 3}
      propertyPath: m_LocalEulerAnglesHint.x
      value: -18.31099
      objectReference: {fileID: 0}
    - target: {fileID: 8364566070535164343, guid: 2feecc5bb7b061540acd78c908b36c2f, type: 3}
      propertyPath: m_LocalEulerAnglesHint.y
      value: 6.6002436
      objectReference: {fileID: 0}
    - target: {fileID: 8364566070535164343, guid: 2feecc5bb7b061540acd78c908b36c2f, type: 3}
      propertyPath: m_LocalEulerAnglesHint.z
      value: -2.2596743
      objectReference: {fileID: 0}
    - target: {fileID: 8599114465280952019, guid: 2feecc5bb7b061540acd78c908b36c2f, type: 3}
      propertyPath: m_LocalEulerAnglesHint.x
      value: 6.644726
      objectReference: {fileID: 0}
    - target: {fileID: 8599114465280952019, guid: 2feecc5bb7b061540acd78c908b36c2f, type: 3}
      propertyPath: m_LocalEulerAnglesHint.y
      value: 0.12817201
      objectReference: {fileID: 0}
    - target: {fileID: 8599114465280952019, guid: 2feecc5bb7b061540acd78c908b36c2f, type: 3}
      propertyPath: m_LocalEulerAnglesHint.z
      value: -8.699854
      objectReference: {fileID: 0}
    - target: {fileID: 8979901196865242427, guid: 2feecc5bb7b061540acd78c908b36c2f, type: 3}
      propertyPath: m_LocalEulerAnglesHint.x
      value: -1.9330618
      objectReference: {fileID: 0}
    - target: {fileID: 8979901196865242427, guid: 2feecc5bb7b061540acd78c908b36c2f, type: 3}
      propertyPath: m_LocalEulerAnglesHint.y
      value: -0.41877657
      objectReference: {fileID: 0}
    - target: {fileID: 8979901196865242427, guid: 2feecc5bb7b061540acd78c908b36c2f, type: 3}
      propertyPath: m_LocalEulerAnglesHint.z
      value: -1.0573604
      objectReference: {fileID: 0}
    m_RemovedComponents: []
  m_SourcePrefab: {fileID: 100100000, guid: 2feecc5bb7b061540acd78c908b36c2f, type: 3}
